<record><leader>00000cas a22000007a 4500</leader><controlfield tag="001">19462301</controlfield><controlfield tag="008">890327d19521966mouwr ne      0    0eng d</controlfield><datafield ind1=" " ind2=" " tag="010"><subfield code="a">sn 89066419 </subfield></datafield><datafield ind1=" " ind2=" " tag="040"><subfield code="a">MQN</subfield><subfield code="b">eng</subfield><subfield code="c">MQN</subfield><subfield code="d">OCLCQ</subfield></datafield><datafield ind1="0" ind2=" " tag="130"><subfield code="a">Bonne Terre register (Bonne Terre, Mo. : 1952)</subfield></datafield><datafield ind1="1" ind2="4" tag="245"><subfield code="a">The Bonne Terre register.</subfield></datafield><datafield ind1=" " ind2=" " tag="260"><subfield code="a">Bonne Terre, St. Francois County, Mo. :</subfield><subfield code="b">Stewart Print. Co.,</subfield><subfield code="c">1952-</subfield></datafield><datafield ind1=" " ind2=" " tag="300"><subfield code="a">v.</subfield></datafield><datafield ind1=" " ind2=" " tag="310"><subfield code="a">Weekly</subfield></datafield><datafield ind1="0" ind2=" " tag="362"><subfield code="a">Vol. 68, no. 18 (May 1, 1952)-</subfield></datafield><datafield ind1="1" ind2=" " tag="362"><subfield code="a">Ceased in 1966?</subfield></datafield><datafield ind1=" " ind2=" " tag="515"><subfield code="a">Continues numbering of: Star news-register.</subfield></datafield><datafield ind1=" " ind2=" " tag="752"><subfield code="a">United States</subfield><subfield code="b">Missouri</subfield><subfield code="c">Saint Francois</subfield><subfield code="d">Bonne Terre.</subfield></datafield><datafield ind1="0" ind2="4" tag="780"><subfield code="t">Bonne Terre bulletin</subfield><subfield code="w">(DLC)sn 89066411</subfield></datafield><datafield ind1="0" ind2="4" tag="780"><subfield code="t">Star news-register</subfield><subfield code="w">(DLC)sn 89066412</subfield></datafield></record>